3732 5520
691 459 760 544 44
924 423 1000 516 Dr
1031 413 1186 518 Sertis.
1221 415 1278 518 (φ
1310 420 1503 554 Magia:

620 560 791 644 interesse
821 573 994 667 putaret:
1026 557 1064 637 ἃ
1095 559 1388 668 nemoignut'at
1412 562 1532 668 epieae
1558 551 1725 667 poetices
1748 557 1795 638 in·

619 697 679 756 ter
709 671 827 752 Italos
857 669 1076 780 principem
1100 669 1341 778 Torquatum
1363 672 1586 756 Tarum-tt
1616 673 1684 754 stbi
1719 695 1795 778 pet·

598 785 783 894 serafin,
809 783 995 890 Spiritum
1026 805 1168 892 nempe
1196 786 1278 865 strue
1306 807 1394 868 ante
1423 787 1554 866 oculor
1581 783 1802 880 obversari,
1845 823 1846 828 κ

508 977 512 988 ,
618 923 783 1008 quocum
824 893 1106 978 samisiarisiinte
1146 895 1315 980 viveret.
1355 898 1694 999 Quemadmodum
1735 894 1797 1001 igi·

606 1017 682 1094 'tur
706 1011 824 1116 pirm‘s
846 1029 967 1090 temeto
984 1015 1132 1113 geminis
1151 1019 1290 1114 exurgit
1310 1006 1426 1116 mensa
1448 1013 1620 1102 sutrrnt's‚·
1649 1009 1699 1092 iic
1715 1032 1797 1088 con·
1846 1019 1847 1022 ‘

618 1125 768 1231 tingere
796 1122 929 1218 solet,
969 1145 1010 1204 ur
1040 1121 1108 1230 qui
1139 1147 1277 1232 magna
1307 1125 1347 1206 ui
1379 1126 1527 1233 pollent
1545 1123 1549 1130 ’
1567 1119 1796 1232 phantasia,
1847 1154 1848 1240 t

617 1237 741 1316 veluti
772 1235 965 1336 stamina,
993 1233 1141 1333 rustici,
1171 1237 1356 1320 robusiier
1379 1239 1543 1347 vulgus,
1572 1236 1599 1316 ii
1623 1235 1796 1343 srequeu·
1847 1241 1848 1304 J

617 1350 754 1430 tissime
782 1349 1094 1446 hallucinantur,
1122 1349 1267 1456 ubique
1296 1350 1406 1436 facile
1425 1351 1683 1458 ·persuadeant
1713 1369 1793 1452 quae

616 1473 827 1570 numquam
859 1462 1023 1542 fecerant
1053 1485 1122 1540 nec
1148 1463 1276 1542 sacere'
1294 1465 1493 1571 poterant,
1525 1459 1711 1542 maleficia
1737 1483 1795 1563 pa-
1848 1474 1849 1500 t

618 1577 747 1652 arasse.
775 1573 897 1676 Cujus
912 1576 1066 1680 quidetn
1083 1574 1134 1652 rei
1154 1575 1350 1656 innumera
1377 1601 1474 1684 pene
1501 1573 1678 1680 exempla
1695 1568 1794 1677 apud

596 1689 826 1793 “Scriptores
855 1707 1077 1766 occurrunt.
1114 1693 1176 1768 De
1207 1689 1438 1795 nescioquo
1469 1688 1628 1768 nomine·
1654 1683 1795 1784 Magia

615 1801 788 1878 accusato
817 1799 994 1878 meminit
1025 1797 1240 1880 Alexander
1268 1803 1318 1880 ab
1340 1802 1563 1882 Alexandro
1590 1797 1608 1882 s
1623 1793 1676 1902 t)
1706 1815 1794 1872 eum
1849 1823 1850 1830 ¹

614 1911 819 1992 consessum
850 1913 943 2007 esse,
972 1911 1208 2020 firmiterque
1230 1916 1455 1993 adseverasse
1477 1915 1522 1992 ad
1546 1913 1714 1989 Tartara
1736 1907 1797 1980 de·

613 2025 813 2120 scendisse,
841 2023 1018 2133 Ditisque
1040 2025 1078 2103 in
1104 2027 1221 2132 Regia
1251 2029 1314 2106 diu
1338 2026 1408 2108 esse
1429 2025 1685 2106 diversatum.
1717 2018 1797 2096 Plu·

611 2155 672 2211 res
701 2135 878 2208 soemtnae
908 2181 919 2218 ,
955 2147 1042 2228 quae
1073 2144 1269 2228 tamquam
1299 2135 1404 2226 uaga
1436 2126 1475 2200 in
1516 2121 1702 2222 judicium
1734 2147 1797 2200 ac·

612 2239 751 2322 eetfi'tae
785 2238 962 2328 suerant3
986 2231 1149 2312 constitit
1180 2235 1244 2311 suo
1266 2231 1305 2310 in
1328 2231 1429 2316 ieeio
1457 2233 1590 2312 somno
1613 2233 1796 2339 tranquil·

612 2355 650 2432 le
683 2349 862 2444 indulsisse
891 2371 970 2455 quo
998 2366 1173 2450 tempore
1206 2346 1329 2452 postea
1360 2365 1555 2426 narrarunt
1587 2346 1622 2424 se
1649 2345 1796 2424 volitas·

612 2467 650 2546 se
683 2489 751 2568 per
780 2485 900 2558 aera,
941 2457 977 2536 8<
1008 2455 1220 2536 conuenisse
1248 2459 1295 2536 ad
1324 2457 1644 2570 convivandum,
1674 2457 1795 2538 inser·

614 2599 739 2683 naque
768 2571 995 2652 celebranda
1029 2569 1204 2670 mysteria
1233 2563 1343 2675 (a).
1383 2571 1554 2650 Tantum
1589 2569 1793 2674 phantafiar

616 2689 675 2768 vis
706 2686 824 2794 potesi
865 2683 1014 2788 ignaras
1057 2681 1339 2786 imbecillesque
1381 2703 1528 2762 mentes
1567 2681 1796 2762 transversas

611 2827 723 2907 agere
752 2855 767 2896 ‚
804 2817 917 2902 atque
947 2793 987 2872 iu
1015 2791 1252 2901 graviffimue
1281 2793 1525 2902 exitialesque
1553 2815 1704 2874 errores
1732 2793 1793 2872 in-

610 2907 767 2997 ducere!
862 2913 865 2920 '

607 3105 736 3126 μ

653 3207 721 3284 (t)
742 3209 863 3273 Genius.
885 3207 970 3273 Dier-
992 3203 1061 3274 arb.
1081 3209 1136 3272 Vt.
1253 3257 1255 3264 .
1506 3276 1516 3290 ,

653 3286 696 3374 (a
714 3297 727 3366 t
748 3285 897 3372 tastu.
920 3285 952 3352 S·
972 3287 1074 3356 Pelet.
1099 3285 1229 3368 Magis.
1251 3283 1366 3367 ρπβ.
1386 3281 1426 3346 de
1445 3281 1540 3360 Strrg.
1563 3293 1626 3362 erp.
1649 3291 1703 3358 31.

761 3471 802 3521 ⁵·
848 3469 1103 3570 'uren
1153 3501 1527 3589 arautem.
1654 3462 1696 3588 ⁵,
