3732 5520
609 434 615 446 ’
693 455 727 535 6
931 439 1006 538 De
1039 433 1189 544 Sortis.
1226 433 1283 534 &⁹
1317 437 1507 570 Magia.

620 577 790 678 torium,
820 575 858 656 δι
884 575 1049 684 denique
1076 578 1347 656 inmaleficum
1377 577 1439 658 seu
1471 575 1705 660 veneficum.
1735 579 1807 660 Di·

618 690 857 774 vinatotium
890 689 1138 797 sortilegium
1169 690 1266 770 illud
1291 691 1362 770 elle
1392 693 1569 790 tradunt,
1604 715 1683 799 quo
1714 693 1804 800 quin

618 800 763 885 suturas
793 829 855 893 tet
884 803 1081 884 vaticinari
1110 805 1327 896 contendit:
1356 805 1447 908 Quo
1458 825 1587 885 autem
1599 803 1807 912 Sortilegio

618 915 815 1024 soeminae,
843 915 1047 1026 aliquando
1068 917 1184 1002 etiam
1216 917 1396 998 mareolo
1420 917 1662 998 libidinosum
1677 905 1804 998 'amo-

617 1051 701 1109 rem
736 1029 924 1137 proclives
954 1029 1049 1110 fiunt
1080 1055 1092 1116 t
1132 1031 1357 1111 amatorium
1388 1031 1634 1135 sortilegium
1676 1031 1804 1110 abiis

618 1157 883 1250 nuncupatur:
914 1145 1094 1226 Tandem
1111 1141 1217 1246 juxta
1234 1141 1448 1225 dnslriuam
1472 1147 1695 1224 eorumdem
1709 1143 1803 1223 Scri·

586 1257 587 1260 ‘
618 1275 786 1362 proruo.
805 1255 902 1338 illud
930 1256 989 1338 eu
1012 1256 1237 1342 maufirunu
1267 1257 1802 1368 troslegium..teu..utuefi.·

612 1389 728 1468 cum,
753 1371 856 1478 quod
886 1371 933 1450 ad
963 1369 1234 1480 malaqquaevis
1265 1373 1492 1484 morbosque
1522 1395 1604 1451 tatu
1635 1369 1800 1450 homini·

614 1479 710 1578 but,
739 1507 854 1589 quam
880 1483 1000 1564 brutis
1022 1474 1304 1582 animantibus,
1335 1487 1449 1594 itque
1478 1481 1659 1566 inanimis
1680 1483 1798 1564 etiam

611 1593 727 1673 rebus
756 1593 975 1678 inserendos
999 1621 1243 1706 comparatur
1275 1593 1293 1707 (
1344 1599 1385 1706 ).
1446 1699 1449 1709 Ι

668 1705 722 1786 At
752 1707 862 1788 nobit
892 1707 1005 1815 longe
1034 1712 1292 1818 opportunius
1319 1699 1466 1794 accidit
1486 1709 1683 1816 Sortilegii
1715 1735 1791 1788 no·

609 1839 702 1900 tuen
732 1817 776 1902 iu
801 1819 932 1904 nativa
963 1823 1024 1902 sua
1054 1821 1326 1932 significatione
1356 1827 1555 1936 accipere,
1584 1847 1699 1932 atque
1732 1822 1798 1902 ad·

604 1922 741 2008 hibere
765 1933 810 2008 ad
826 1933 1087 2034 significandas
1111 1937 1319 2010 firnrrnrur'n
1345 1941 1683 2030 odablearumquo,
1715 1933 1799 2011 siue

608 2033 960 2147 pinsentium'srue
993 2037 1272 2145 praeteritarum
1306 2057 1434 2113 rerum
1464 2033 1753 2142 explorationes
1779 2092 1794 2132 ,

608 2173 695 2258 quar
726 2175 794 2264 per
825 2149 939 2230 sortes
969 2149 1107 2246 fiunt,
1147 2147 1184 2226 dr
1212 2148 1473 2256 quascumque
1501 2148 1591 2228 alias
1621 2148 1797 2252 superlli-

608 2263 719 2344 tiosas
749 2261 1051 2344 observationes.
1082 2261 1356 2340 vetustissimus
1389 2285 1506 2370 porro
1536 2261 1585 2341 eli
1617 2260 1701 2340 usus
1731 2263 1797 2342 bu·

610 2373 776 2478 jusmodi
798 2375 1106 2490 explorationum
1140 2371 1242 2481 (2).
1273 2379 1401 2477 Quem
1432 2373 1537 2454 euim
1568 2374 1660 2454 latet
1687 2375 1797 2483 cupi·

479 2589 482 2597 ¹
609 2489 769 2570 ditarem
796 2515 853 2570 ret
874 2513 941 2574 aut
963 2489 1212 2595 eognoscendi
1238 2488 1406 2582 suturas,
1434 2511 1499 2568 aut
1524 2488 1796 2594 ignotatscien-

609 2601 647 2680 di
673 2606 767 2681 adeo
788 2604 938 2712 semper
967 2603 1081 2681 lixam
1115 2600 1248 2682 haefiue
1279 2601 1454 2682 humanis
1478 2601 1721 2708 pesioribus3
1752 2623 1794 2682 ut

613 2739 729 2820 quam
763 2739 837 2792 non
870 2735 1043 2822 poterant
1074 2714 1138 2792 suo
1171 2714 1324 2822 ingenio
1346 2714 1522 2792 homines
1546 2714 1697 2794 illarum
1722 2717 1792 2790 ad-

611 2827 717 2934 sequi
746 2828 960 2926 notitiam,
1005 2830 1102 2907 hano
1142 2827 1332 2934 improbis
1365 2825 1544 2933 vanisque
1582 2827 1726 2906 artibus
1755 2826 1792 2906 se

608 2939 811 3046 adquirere
843 2943 943 3048 posse
972 2940 1262 3022 contenderint.
1303 2939 1477 3022 Primum
1519 2940 1618 3022 inter
1648 2964 1711 3019 eas
1741 2939 1793 3018 lc·

606 3075 696 3130 cum
729 3051 881 3146 obtinet
913 3053 1114 3134 Divinatio
1146 3079 1215 3160 per
1245 3053 1386 3156 sortes,
1415 3056 1462 3136 de
1488 3079 1566 3162 qua
1597 3053 1718 3135 llatim
1740 3054 1790 3132 id·

453 3258 462 3280 &
602 3165 706 3248 circo
736 3167 853 3246 verba
885 3169 1053 3248 facienda
1085 3167 1187 3247 sunt.

534 3451 542 3468 ·
600 3420 688 3499 glori
714 3465 722 3494 ,
753 3417 941 3486 Sacerdotto
963 3463 972 3496 ,
995 3420 1169 3501 Imperio,
1202 3422 1294 3489 bonit
1317 3420 1462 3488 moribut
1481 3425 1634 3492 adversm
1656 3445 1674 3491 a
1697 3425 1788 3490 nobit

598 3503 728 3580 panitur
751 3496 946 3580 improbari.

635 3577 679 3646 ll.
701 3577 821 3652 Libros
846 3583 954 3646 vetita
978 3582 1124 3648 leslionit
1147 3583 1185 3670 iis
1207 3598 1338 3652 tentum
1360 3606 1379 3652 a
1400 3585 1495 3658 nobit
1515 3588 1610 3655 citari
1636 3633 1646 3668 ,
1668 3587 1786 3669 quibua

594 3659 743 3744 legitima
768 3661 904 3744 poteslas
929 3663 1008 3726 inest
1030 3665 1160 3727 eosdem
1185 3665 1331 3747 legendi.

632 3746 698 3821 (ι)
722 3743 764 3807 V.
787 3739 977 3808 Damoltud.
1000 3747 1094 3810 Praex.
1116 3747 1209 3812 Criu.
1231 3763 1294 3828 cap.
1317 3751 1366 3816 61.

594 3931 600 3940 ι
629 3829 670 3900 (2
682 3834 694 3902 J
719 3823 759 3891 V.
784 3817 939 3891 Grillius.
962 3826 1001 3890 de
1021 3828 1164 3910 Sortileg·
1188 3825 1268 3894 uua.
1291 3829 1332 3896 de
1351 3831 1435 3901 Ati.
1457 3829 1499 3904 Θ·
1518 3837 1647 3920 Superst.

1609 3975 1646 4054 C
1682 3975 1728 4060 A·
