3732 5520
548 373 788 512 CaputX.
1036 375 1049 400 '
1139 416 1198 506 29

91 513 384 624 alumnumque
415 513 645 621 magicarum
673 514 810 596 artium
844 510 924 594 vim
955 518 1266 602 antechristum

89 653 245 725 namma
278 629 337 708 sed
369 628 475 706 illam
508 627 586 733 pust
617 624 697 730 ejus
730 625 996 724 nativitatem,
1028 629 1267 712 consessum·

89 766 169 847 que
198 738 381 820 divinitus
413 741 587 816 humana
616 739 863 844 reparationis
901 761 998 844 opus
1029 741 1165 820 desiisse
1199 769 1269 845 pc·-⁴

64 853 193 932 'nitus
222 853 354 935 multis
384 853 498 932 scetus
538 849 805 956 argumentis,
845 850 1106 958 nonnullisque
1146 854 1268 932 libro-

86 987 176 1042 rum
207 963 299 1042 novi
331 961 565 1046 Testamenti
607 985 855 1068 veterumque
894 962 1067 1042 Ecclesia
1112 965 1267 1046 Patrum

86 1073 184 1152 locis
212 1077 259 1154 ad
288 1075 385 1156 hanc
413 1076 517 1154 suam
548 1071 844 1154 confirmandam
882 1073 1106 1179 opinionem
1149 1078 1270 1154 addu-

71 1182 161 1263 tiis
190 1187 408 1268 contendit.
436 1185 823 1310 Quintilianum,
863 1209 956 1290 pace
989 1187 1083 1278 tanti
1115 1187 1188 1266 viti
1217 1189 1268 1266 di·
1339 1281 1347 1300 ι

86 1295 260 1394 iterim,
297 1323 368 1378 nec
398 1282 584 1405 patronis
598 1303 668 1382 'nec
698 1296 916 1390 adversariis
946 1299 1268 1401 ptaete'tnatutalia

29 1504 33 1515 ,
85 1405 404 1516 damoniacaeque
437 1412 669 1516 magicarum
699 1407 837 1489 attium
859 1407 923 1488 vic
951 1409 1146 1504 satisfecit3
1175 1411 1269 1515 quin

87 1515 215 1600 immo
239 1519 306 1599 sibi
335 1524 591 1604 contradicere
634 1521 731 1601 visus
762 1521 854 1618 est,
894 1539 935 1598 ut
964 1519 999 1598 ei
1029 1522 1268 1600 Tartaroituc

84 1623 172 1732 ipse
202 1633 388 1713 verissime
410 1633 593 1734 objecit.
640 1631 751 1714 Δι’·
727 1657 754 1712 ιι
783 1631 937 1740 quidem
966 1631 1032 1738 qui
1064 1653 1269 1738 praetcrna·
1329 1677 1338 1692 ·

84 1739 252 1822 ruralem
274 1725 621 1853 daemoniacamque
646 1745 726 1826 vim
750 1745 889 1824 artium
903 1746 1137 1847 magicarum
1165 1766 1269 1848 pror

81 1849 145 1930 sus
175 1855 384 1960 respuunt,
414 1859 512 1938 baud
543 1859 633 1964 palli
663 1857 794 1936 sunts
791 1883 810 1936 e
840 1883 861 1936 a
890 1855 951 1932 sua
983 1855 1170 1934 dimoveri
1192 1857 1269 1932 sen

81 1963 228 2043 tentia.
264 1968 303 2046 Si
335 1969 464 2067 enim,
506 1992 548 2049 ut
586 1966 816 2072 jampridem
859 1969 954 2044 bene
995 1967 1269 2059 observarunt,

79 2070 210 2144 Vllum
239 2079 291 2142 cst
322 2079 509 2162 Mlpllvju
550 2077 1271 2173 {copluriwl-onimqu-Dei.1gpu.

82 2197 230 2283 gnare,
259 2190 301 2252 ut
331 2170 539 2250 Diabolum
573 2166 792 2247 mortalibus
819 2165 1127 2278 stuatqilludere
1148 2177 1267 2254 idan-

83 2304 126 2366 te
157 2307 262 2391 aeque
292 2306 335 2360 ac
366 2281 449 2386 poll
479 2276 618 2358 Chrilli
649 2277 858 2356 Servatoris
901 2280 1110 2362 adventum
1147 2311 1277 2392 repu-¹

82 2396 252 2501 gnassct.
292 2393 413 2500 Atqui
455 2390 620 2496 primum
652 2388 743 2468 illud
777 2417 852 2468 non
891 2411 1003 2495 negat
1033 2393 1263 2504 Maphejus,

83 2505 237 2588 rellat
227 2505 370 2631 igitur·
373 2523 415 2584 ut
444 2503 605 2582 alterum
634 2525 796 2608 quoque
829 2496 988 2582 inficiari
1030 2531 1266 2617 nequaquam

82 2617 191 2698 redle
223 2614 416 2725 potuerit.
458 2615 564 2702 Tum
596 2639 688 2692 vero
727 2613 792 2718 qui
832 2612 870 2690 in
901 2614 1018 2695 altera
1056 2641 1162 2700 erant
1190 2623 1276 2706 sen..

88 2728 208 2810 tentia
222 2727 432 2808 adstruente
455 2726 806 2832 praetetnaturalem
822 2726 1219 2836 daemoniacamque'
1183 2757 1267 2817 vim

90 2837 228 2922 artium
259 2837 528 2966 magicarum·3
557 2859 598 2917 ut
630 2837 667 2914 in
700 2861 800 2918 nova
830 2837 892 2916 sua
922 2839 1039 2938 callia
1067 2842 1266 2926 transirent

85 2951 140 3030 ab
179 2950 233 3030 eis
263 2950 471 3058 Maphejus
514 2950 719 3057 impetrate
759 2956 834 3029 non
878 2951 1023 3055 potuit.
1063 2950 1264 3036 Scitilstme

87 3061 275 3169 siquidem
303 3064 532 3168 tegeslcrunt
561 3060 701 3168 quibus
718 3059 902 3164 librorum
920 3085 1009 3141 novt
998 3060 1262 3148 Testamenti

90 3172 186 3252 locis
215 3171 294 3278 ipsc
324 3175 408 3252 usus
437 3172 488 3251 est
518 3173 564 3252 ad
592 3169 818 3280 singularem
860 3151 954 3251 hanc
984 3173 1086 3252 suam
1126 3179 1264 3258 consta-

89 3283 300 3366 bilieudam
329 3285 584 3381 dosltinam,
612 3309 655 3365 ca
684 3283 796 3366 latiur
827 3306 956 3390 patere
988 3341 1001 3383 ‚
1037 3311 1153 3392 quani
1182 3289 1263 3395 ipsc

89 3370 191 3476 velle
221 3394 413 3476 videatur.
441 3392 593 3478 Idcirco
619 3396 725 3476 enirn
756 3395 862 3476 illis
853 3423 891 3474 tn
914 3397 1005 3477 locis
1032 3397 1261 3482 Damonum

87 3529 253 3614 regnum
292 3515 507 3612 eversum,
548 3510 681 3616 eosque
710 3509 845 3615 ligator
883 3509 959 3588 dici
997 3509 1259 3610 sentiendum,

88 3617 279 3728 nunquia
305 3620 479 3701 desierint
500 3624 704 3705 Damones
733 3621 890 3702 illudere
907 3622 1166 3709 ,mortalibusr
1195 3624 1257 3704 sed

86 3734 194 3838 quod
221 3733 397 3818 adversar
435 3758 579 3819 novum
608 3755 812 3844 regnum,
848 3729 1057 3815 Ecclesiam
1089 3759 1266 3842 nempe,

1084 3871 1199 3958 quam
1267 3891 1271 3899 ,
